@article{sides,
  title={Taking sides: User classification for informal online political discourse},
  author={Malouf, Robert and Mullen, Tony},
  journal={Internet Research},
  volume={18},
  number={2},
  pages={177--190},
  year={2008},
  publisher={Emerald Group Publishing Limited}
}
@article{pennacchiotti,
  title={A Machine Learning Approach to Twitter User Classification.},
  author={Pennacchiotti, Marco and Popescu, Ana-Maria},
  journal={ICWSM},
  volume={11},
  pages={281--288},
  year={2011}
}
@inproceedings{durant,
  title={Mining sentiment classification from political web logs},
  author={Durant, Kathleen T and Smith, Michael D},
  booktitle={Proceedings of Workshop on Web Mining and Web Usage Analysis of the 12th ACM SIGKDD International Conference on Knowledge Discovery and Data Mining (WebKDD-2006), Philadelphia, PA},
  year={2006}
}
@article{pang2008opinion,
  title={Opinion mining and sentiment analysis},
  author={Pang, Bo and Lee, Lillian},
  journal={Foundations and trends in information retrieval},
  volume={2},
  number={1-2},
  pages={1--135},
  year={2008},
  publisher={Now Publishers Inc.}
}

